@INPROCEEDINGS{Caprotti_multilingualdelivery,
    AUTHOR    = {O. Caprotti and M. Sepp\"al\"a},
    TITLE     = "Multilingual Delivery of Online Tests in Mathematics",
    BOOKTITLE = "Proceedings of Online Educa Berlin 2006",
    YEAR      = "2006",
}

%WebALT! Deliver Mathematics Everywhere. O. Caprotti. Proceedings of SITE 2006. Orlando March 20-24, 2006. (download)
@INPROCEEDINGS{Caprotti06webalt!deliver,
    AUTHOR    = "O. Caprotti",
    TITLE     = "WebALT! Deliver Mathematics Everywhere",
    BOOKTITLE = "Proceedings of SITE 2006",
    YEAR      = "2006"
}

@INPROCEEDINGS{Nganga06,
    AUTHOR    = "W. Ng'ang'a",
    TITLE     = "Multilingual content development for eLearning in Africa",
    BOOKTITLE = "eLearning Africa: 1st Pan-African Conference on ICT for Development, Education and Training",
    YEAR      = "2006"
}

@INPROCEEDINGS{Caprotti05,
    AUTHOR    = {O. Caprotti and W. Ng'ang'a and M. Sepp\"al\"a},
    TITLE     = "Multilingual technology for teaching mathematics",
    BOOKTITLE = "Proceedings of the International Conference on Engineering Education, Instructional Technology, Assessment, and E-learning (EIAE 05)",
    YEAR      = "2005"
}

@INPROCEEDINGS{Strotmann05,
    AUTHOR    = {A. Strotmann and M. Sepp\"al\"a},
    TITLE     = "Web Advanced Learning Technologies for Multilingual Mathematics Teaching Support",
    BOOKTITLE = "ELPUB2005. From Author to Reader: Challenges for the Digital Content Chain. Proceedings of the 9th ICCC International Conference on Electronic Publishing",
    EDITOR    = "M. Dobreva and J. Engelen",
    PUBLISHER = "Peeters Publishing",
	ADDRESS   = "Leuven-Heverlee (Belgium)",
    YEAR      = "2005",
    MONTH     = "June"
}

@INPROCEEDINGS{Strotmann05!ISAAC,
    AUTHOR    = "A. Strotmann and W. Ng'ang'a and O. Caprotti",
    TITLE     = "Multilingual Access to Mathematical Exercise Problems",
    BOOKTITLE = "Electronic Proceedings of the Internet Accessible Mathematical Computation Workshop. ISSAC 2005",
    EDITOR    = "M. Dobreva and J. Engelen",
    PUBLISHER = "Chinese Academy of Sciences",
	ADDRESS   = "Bejing, China",
    YEAR      = "2005",
    MONTH     = "July"
}


@MISC{Carlson05,
	AUTHOR	= "L. Carlson and J. Saludes and A. Strotmann",
	TITLE	= "State of the art in multilingual and multicultural creation of digital mathematical content",
	YEAR	= "2005",
	MONTH	= "January",
	EE		= "http://webalt.math.helsinki.fi/content/e16/e301/e305/Deliverable1.2_eng.pdf",
}

@MISC{OpenMath,
    AUTHOR    = "Paul Libbrecht",
    ORGANIZATION = "The OpenMath Society",
    TITLE     = "OpenMath",
    YEAR      = "2010",
    EE        = "http://www.openmath.org/",
    }

@MISC{GF,
    AUTHOR    = "Aarne Ranta",
    TITLE     = "Grammatical Framework",
    YEAR      = "2010",
    EE        = "http://www.grammaticalframework.org/",
    }


@MISC{Mathbar,
    AUTHOR    = "Thomas Hallgren and Jordi Saludes",
    TITLE     = "Math bar online",
    YEAR      = "2010",
    EE        = "http://www.grammaticalframework.org/demos/minibar/mathbar.html"
    }


@MISC{wikipedia-wordproblem,
	TITLE={Word problem (mathematics education)},
	EE = "http://en.wikipedia.org/wiki/Word\_problem\_(mathematics\_education)"
}


@MISC{molto,
	TITLE="Multilingual Online Translation",
	EE = "http://www.molto-project.eu",
	YEAR = "2011"
}


@BOOK{Verschaffel-Greer-DeCorte-2000,
author={L. Verschffel and B. Greer and E. De Corte},
title={Making sense of word problems},
year={2000},
publisher={Taylor \& Francis}
}

@BOOK{Ranta11,
author={Aarne Ranta},
title={Grammatical Framework: Programming with Multilingual Grammars},
year={2011},
publisher={CSLI Publications, Stanford},
isbn={ISBN-10:  1-57586-626-9
(Paper), 1-57586-627-7 (Cloth))}
}

@inproceedings{AutonomousLearners,
author={S. Xamb\'o and O. Caprotti and M. Sepp\"al\"a},
title={Toward autonomous learners of mathematics},
booktitle={Communicating Mathematics in the Age of Digital Libraries},
year={2008},
pages={239-252},
editor={J. M. Borwein and E. M. Rocha and J F Rodrigues},
publisher={A K Peters}
}


@inproceedings{E-LearningMathematics,
author={S. Xamb\'o and H. Bass and G. Bola{\~n}os and R. Seiler and M. Sepp\"al\"a},
title={E-Learning Mathematics},
booktitle={Proceedings of the ICM-2006 (Volume III)},
year={2006},
pages={1743-1768},
publisher={European Mathematical Society}
}